@article{Baroni1983,
author = {Baroni, Mario and Maguire, Simon and Drabkin, William},
journal = {Music Analysis},
title = {{The concept of musical grammar}},
year = {1983}
}
